@article{LUDERS19571,
title = "Proof of the {TCP} theorem",
journal = "Annals of Physics",
volume = "2",
number = "1",
pages = "1 - 15",
year = "1957",
note = "",
issn = "0003-4916",
doi = "http://dx.doi.org/10.1016/0003-4916(57)90032-5",
url = "http://www.sciencedirect.com/science/article/pii/0003491657900325",
author = "Gerhart Lueders",

}

@inproceedings{Bernabeu:2006st,
      author         = "Bernabeu, Jose and Ellis, John R. and Mavromatos, Nick E.
                        and Nanopoulos, Dimitri V. and Papavassiliou, Joannis",
      title          = "{CPT and Quantum Mechanics Tests with Kaons}",
      booktitle      = "{Handbook on neutral kaon interferometry at a
                        $\Phi$-factory}",
      url            = "http://weblib.cern.ch/abstract?CERN-TH-2006-144",
      year           = "2006",
      eprint         = "hep-ph/0607322",
      archivePrefix  = "arXiv",
      primaryClass   = "hep-ph",
      reportNumber   = "ACT-05-06, CERN-TH-2006-144, FTUV-06-08-01, MIFP-06-19",
      SLACcitation   = "%%CITATION = HEP-PH/0607322;%%"
}

@article{Agashe:2014kda,
      author         = "Olive, K. A. and others",
      title          = "{Review of Particle Physics}",
      collaboration  = "Particle Data Group",
      journal        = "Chin. Phys.",
      volume         = "C38",
      year           = "2014",
      pages          = "090001",
      doi            = "10.1088/1674-1137/38/9/090001",
      SLACcitation   = "%%CITATION = CHPHD,C38,090001;%%"
}

@article{Balwierz-Pytko:2013xsa,
      author         = "Balwierz-Pytko, Izabela",
      title          = "{Quantum Mechanics and CPT tests with neutral kaons at
                        the KLOE experiment}",
      booktitle      = "{Proceedings, Symposium on Applied Nuclear Physics and
                        Innovative Technologies}",
      collaboration  = "KLOE-2",
      journal        = "Acta Phys. Polon. Supp.",
      volume         = "6",
      year           = "2013",
      number         = "4",
      pages          = "1101-1105",
      doi            = "10.5506/APhysPolBSupp.6.1101",
      eprint         = "1308.5813",
      archivePrefix  = "arXiv",
      primaryClass   = "nucl-ex",
      SLACcitation   = "%%CITATION = ARXIV:1308.5813;%%"
}

@article{Aaij:2011uk,
      author         = "Aaij, R. and others",
      title          = "{Measurement of the inclusive $\phi$ cross-section in
                        $pp$ collisions at $\sqrt{s}=7~\rm{TeV}$}",
      collaboration  = "LHCb Collaboration",
      journal        = "Phys. Lett.",
      volume         = "B703",
      year           = "2011",
      pages          = "267-273",
      doi            = "10.1016/j.physletb.2011.08.017",
      eprint         = "1107.3935",
      archivePrefix  = "arXiv",
      primaryClass   = "hep-ex",
      reportNumber   = "LHCB-PAPER-2011-007, CERN-PH-EP-2011-106",
      SLACcitation   = "%%CITATION = ARXIV:1107.3935;%%"
}

@article{LHCb-CONF-2010-013,
      title         = "{Prompt charm production in $pp$ collisions at $\sqrt{s}$
                       = 7 TeV}",
      collaboration = "LHCb Collaboration",
      month         = "Dec",
      year          = "2010",
      reportNumber  = "LHCb-CONF-2010-013",
      url           = "https://cds.cern.ch/record/1311236",
}


@article{Ambrosino2006315,
title = "First observation of quantum interference in the process : A test of quantum mechanics and {CPT} symmetry ",
journal = "Physics Letters B ",
volume = "642",
number = "4",
pages = "315 - 321",
year = "2006",
note = "",
issn = "0370-2693",
doi = "http://dx.doi.org/10.1016/j.physletb.2006.09.046",
url = "http://www.sciencedirect.com/science/article/pii/S0370269306012251",
author = "F. Ambrosino and A. Antonelli and M. Antonelli and C. Bacci and P. Beltrame and G. Bencivenni and S. Bertolucci and C. Bini and C. Bloise and S. Bocchetta and V. Bocci and F. Bossi and D. Bowring and P. Branchini and R. Caloi and P. Campana and G. Capon and T. Capussela and F. Ceradini and S. Chi and G. Chiefari and P. Ciambrone and S. Conetti and E. De Lucia and A. De Santis and P. De Simone and G. De Zorzi and S. Dell'Agnello and A. Denig and A. Di Domenico and C. Di Donato and S. Di Falco and B. Di Micco and A. Doria and M. Dreucci and G. Felici and A. Ferrari and M.L. Ferrer and G. Finocchiaro and S. Fiore and C. Forti and P. Franzini and C. Gatti and P. Gauzzi and S. Giovannella and E. Gorini and E. Graziani and M. Incagli and W. Kluge and V. Kulikov and F. Lacava and G. Lanfranchi and J. Lee-Franzini and D. Leone and M. Martini and P. Massarotti and W. Mei and S. Meola and S. Miscetti and M. Moulson and S. MÃ¼ller and F. Murtas and M. Napolitano and F. Nguyen and M. Palutan and E. Pasqualucci and A. Passeri and V. Patera and F. Perfetto and L. Pontecorvo and M. Primavera and P. Santangelo and E. Santovetti and G. Saracino and B. Sciascia and A. Sciubba and F. Scuri and I. Sfiligoi and A. Sibidanov and T. Spadaro and M. Testa and L. Tortora and P. Valente and B. Valeriani and G. Venanzoni and S. Veneziano and A. Ventura and R. Versaci and G. Xu"
}


@ARTICLE{2005NIMPA.552..566H,
   author = {{Hulsbergen}, W.~D.},
    title = "{Decay chain fitting with a Kalman filter}",
  journal = {Nuclear Instruments and Methods in Physics Research A},
   eprint = {physics/0503191},
     year = 2005,
    month = nov,
   volume = 552,
    pages = {566-575},
      doi = {10.1016/j.nima.2005.06.078},
   adsurl = {http://adsabs.harvard.edu/abs/2005NIMPA.552..566H},
  adsnote = {Provided by the SAO/NASA Astrophysics Data System}
}


@Misc{tracktypes,
author ="{LHCb Collaboration}",
title = {Track types},
year = {16.09.2015},
HowPublished = {\url{https://twiki.cern.ch/twiki/bin/view/LHCb/LHCbTrackingStrategies#Track_types}},
Publisher                = {CERN}
}